<record xmlns="http://www.loc.gov/MARC21/slim" xmlns:xsi="http://www.w3.org/2001/XMLSchema-instance" xsi:schemaLocation="http://www.loc.gov/MARC21/slim http://www.loc.gov/standards/marcxml/schema/MARC21slim.xsd"><leader>01774nam a2200361   4500</leader><controlfield tag="001">3073605</controlfield><controlfield tag="003">NNC</controlfield><controlfield tag="006">m        d        </controlfield><controlfield tag="007">cr cn |||m|||a</controlfield><controlfield tag="008">150110s1965    iq a    o     000 0 ara d</controlfield><datafield ind1=" " ind2=" " tag="040"><subfield code="a">NNU</subfield><subfield code="b">eng</subfield><subfield code="e">rda</subfield><subfield code="c">NNU</subfield></datafield><datafield ind1=" " ind2="4" tag="050"><subfield code="a">N6260</subfield><subfield code="b">.M38 1965</subfield></datafield><datafield ind1="1" ind2=" " tag="100"><subfield code="6">880-01</subfield><subfield code="a">Marzu&#772;q, Muh&#803;ammad &#699;Abd al-&#699;Azi&#772;z.</subfield></datafield><datafield ind1="1" ind2="3" tag="245"><subfield code="6">880-02</subfield><subfield code="a">al-Fann al-Isla&#772;mi&#772; :</subfield><subfield code="b">ta&#772;ri&#772;khuh wa-khas&#803;a&#772;&#700;is&#803;uh /</subfield><subfield code="c">ta&#700;li&#772;f Muh&#803;ammad &#699;Abd al-&#699;Azi&#772;z Marzu&#772;q.</subfield></datafield><datafield ind1=" " ind2=" " tag="260"><subfield code="6">880-03</subfield><subfield code="a">Baghda&#772;d :</subfield><subfield code="b">Mat&#803;ba&#699;at As&#699;ad,</subfield><subfield code="c">1965.</subfield></datafield><datafield ind1=" " ind2=" " tag="300"><subfield code="a">online resource (224 pages) :</subfield><subfield code="b">illustrations</subfield></datafield><datafield ind1=" " ind2=" " tag="336"><subfield code="a">text</subfield><subfield code="2">rdacontent</subfield></datafield><datafield ind1=" " ind2=" " tag="337"><subfield code="a">computer</subfield><subfield code="2">rdamedia</subfield></datafield><datafield ind1=" " ind2=" " tag="338"><subfield code="a">online resource</subfield><subfield code="2">rdacarrier</subfield></datafield><datafield ind1=" " ind2=" " tag="500"><subfield code="a">Part of the Arabic Collections Online (ACO) project, contributed by Columbia University Libraries.</subfield></datafield><datafield ind1=" " ind2=" " tag="533"><subfield code="a">Electronic reproduction.</subfield><subfield code="b">New York, N.Y. :</subfield><subfield code="c">New York University,</subfield><subfield code="d">2015.</subfield><subfield code="5">NNU</subfield></datafield><datafield ind1=" " ind2="0" tag="650"><subfield code="a">Islamic art.</subfield></datafield><datafield ind1=" " ind2="7" tag="650"><subfield code="a">Islamic art.</subfield><subfield code="2">fast</subfield><subfield code="0">(OCoLC)fst01730275</subfield></datafield><datafield ind1="2" ind2=" " tag="710"><subfield code="a">Columbia University.</subfield><subfield code="b">Libraries.</subfield></datafield><datafield ind1="0" ind2=" " tag="730"><subfield code="a">Arabic Collections Online.</subfield></datafield><datafield ind1="0" ind2="8" tag="776"><subfield code="i">Online version:</subfield><subfield code="a">Marzu&#772;q, Muh&#803;ammad &#699;Abd al-&#699;Azi&#772;z.</subfield><subfield code="t">Fann al-Isla&#772;mi&#772;.</subfield><subfield code="d">Baghda&#772;d : Mat&#803;ba&#699;at As&#699;ad, 1965</subfield><subfield code="w">(OCoLC)569253628</subfield></datafield><datafield ind1="0" ind2="8" tag="776"><subfield code="i">Print version:</subfield><subfield code="a">Marzu&#772;q, Muh&#803;ammad &#699;Abd al-&#699;Azi&#772;z.</subfield><subfield code="t">al-Fann al-Isla&#772;mi&#772;</subfield><subfield code="w">(NNC)3073605</subfield><subfield code="w">(OCoLC)23482396</subfield></datafield><datafield ind1="4" ind2="0" tag="856"><subfield code="u">http://hdl.handle.net/2333.1/pk0p2qbq</subfield></datafield><datafield ind1="1" ind2=" " tag="880"><subfield code="6">100-01/r</subfield><subfield code="a">&#1605;&#1585;&#1586;&#1608;&#1602;&#1548; &#1605;&#1581;&#1605;&#1583; &#1593;&#1576;&#1583; &#1575;&#1604;&#1593;&#1586;&#1610;&#1586;.</subfield></datafield><datafield ind1="1" ind2="3" tag="880"><subfield code="6">245-02/r</subfield><subfield code="a">&#1575;&#1604;&#1601;&#1606; &#1575;&#1604;&#1573;&#1587;&#1604;&#1575;&#1605;&#1610; :</subfield><subfield code="b">&#1578;&#1575;&#1585;&#1610;&#1582;&#1607; &#1608; &#1582;&#1589;&#1575;&#1574;&#1589;&#1607; /</subfield><subfield code="c">&#1578;&#1571;&#1604;&#1610;&#1601; &#1605;&#1581;&#1605;&#1583; &#1593;&#1576;&#1583; &#1575;&#1604;&#1593;&#1586;&#1610;&#1586; &#1605;&#1585;&#1586;&#1608;&#1602;.</subfield></datafield><datafield ind1=" " ind2=" " tag="880"><subfield code="6">260-03/r</subfield><subfield code="a">&#1576;&#1594;&#1583;&#1575;&#1583; :</subfield><subfield code="b">&#1605;&#1591;&#1576;&#1593;&#1577; &#1575;&#1587;&#1593;&#1583;,</subfield><subfield code="c">&#1633;&#1641;&#1638;&#1637;.</subfield></datafield><datafield ind1=" " ind2=" " tag="959"><subfield code="a">NNU</subfield><subfield code="b">WEB</subfield><subfield code="c">GENI</subfield><subfield code="t">0</subfield><subfield code="m">Electronic access</subfield><subfield code="s">01</subfield></datafield><datafield ind1=" " ind2=" " tag="999"><subfield code="i">NNC_3073605</subfield><subfield code="o">(OCoLC)23482396</subfield></datafield></record>